<?xml version="1.0" encoding="UTF-8"?><record xmlns="http://www.loc.gov/MARC21/slim" xmlns:cinclude="http://apache.org/cocoon/include/1.0" xmlns:zs="http://www.loc.gov/zing/srw/">
  <leader>01108cz  a2200241n  4500</leader>
  <controlfield tag="001">nr 94033281 </controlfield>
  <controlfield tag="003">DLC</controlfield>
  <controlfield tag="005">20080911080914.0</controlfield>
  <controlfield tag="008">941005n| acannaabn          |b ana      </controlfield>
  <datafield tag="010" ind1=" " ind2=" ">
    <subfield code="a">nr 94033281 </subfield>
    <subfield code="z">n  91123044 </subfield>
  </datafield>
  <datafield tag="035" ind1=" " ind2=" ">
    <subfield code="a">(OCoLC)oca03700598</subfield>
  </datafield>
  <datafield tag="040" ind1=" " ind2=" ">
    <subfield code="a">DLC-R</subfield>
    <subfield code="b">eng</subfield>
    <subfield code="c">DLC-R</subfield>
    <subfield code="d">DLC</subfield>
    <subfield code="d">OCoLC</subfield>
  </datafield>
  <datafield tag="110" ind1="2" ind2=" ">
    <subfield code="a">Makhon ha-Yiśreʼeli le-demoḳraṭyah</subfield>
  </datafield>
  <datafield tag="410" ind1="2" ind2=" ">
    <subfield code="a">Israel Democracy Institute</subfield>
  </datafield>
  <datafield tag="410" ind1="2" ind2=" ">
    <subfield code="a">Israeli Democracy Institute</subfield>
  </datafield>
  <datafield tag="410" ind1="2" ind2=" ">
    <subfield code="a">IDI</subfield>
  </datafield>
  <datafield tag="410" ind1="2" ind2=" ">
    <subfield code="a">המכון הישראלי לדמוקרטיה</subfield>
  </datafield>
  <datafield tag="410" ind1="2" ind2=" ">
    <subfield code="a">מכון הישראלי לדמוקרטיה</subfield>
  </datafield>
  <datafield tag="667" ind1=" " ind2=" ">
    <subfield code="a">Machine-derived non-Latin script reference project.</subfield>
  </datafield>
  <datafield tag="667" ind1=" " ind2=" ">
    <subfield code="a">Non-Latin script references not evaluated.</subfield>
  </datafield>
  <datafield tag="670" ind1=" " ind2=" ">
    <subfield code="a">Sifriyah ha-demoḳraṭit. Mi sholeṭ ba-shilṭon ha-meḳomi, 1994:</subfield>
    <subfield code="b">t.p. (ha-Makhon ha-Yiśreʼeli le-demoḳraṭyah)</subfield>
  </datafield>
  <datafield tag="670" ind1=" " ind2=" ">
    <subfield code="a">Parliament, Feb. 1998:</subfield>
    <subfield code="b">serial t.p. (Israel Democracy Institute)</subfield>
  </datafield>
  <datafield tag="670" ind1=" " ind2=" ">
    <subfield code="a">Peres, Y. Trends in Israeli democracy, 1992:</subfield>
    <subfield code="b">CIP ser. t.p. (Israel Democracy Institute) p. 1 (Israeli Democracy Institute) p. facing t.p., bk. (Israel Democracy Institute) cover (IDI)</subfield>
  </datafield>
</record>